<record><leader>00000cas a22000007a 4500</leader><controlfield tag="001">18405996</controlfield><controlfield tag="008">880826d19531959iduwr ne      0    0eng d</controlfield><datafield ind1=" " ind2=" " tag="010"><subfield code="a">sn 88056001 </subfield></datafield><datafield ind1=" " ind2=" " tag="040"><subfield code="a">NVB</subfield><subfield code="b">eng</subfield><subfield code="c">NVB</subfield><subfield code="d">OCLCQ</subfield><subfield code="d">OCLCO</subfield></datafield><datafield ind1=" " ind2=" " tag="042"><subfield code="a">msc</subfield></datafield><datafield ind1=" " ind2=" " tag="043"><subfield code="a">n-us-id</subfield></datafield><datafield ind1="0" ind2="4" tag="245"><subfield code="a">The Intermountain and Alameda enterprise.</subfield></datafield><datafield ind1=" " ind2=" " tag="260"><subfield code="a">Alameda, Idaho :</subfield><subfield code="b">Swisher &amp; Sturm</subfield></datafield><datafield ind1=" " ind2=" " tag="300"><subfield code="a">v.</subfield></datafield><datafield ind1=" " ind2=" " tag="310"><subfield code="a">Weekly</subfield></datafield><datafield ind1="0" ind2=" " tag="362"><subfield code="a">Vol. 2, no. 59 (Apr. 2, 1953)-v. 8, no. 17 (May 29, 1959).</subfield></datafield><datafield ind1=" " ind2="0" tag="651"><subfield code="a">Alameda (Idaho)</subfield><subfield code="v">Newspapers.</subfield></datafield><datafield ind1=" " ind2="0" tag="651"><subfield code="a">Pocatello (Idaho)</subfield><subfield code="v">Newspapers.</subfield></datafield><datafield ind1=" " ind2=" " tag="752"><subfield code="a">United States</subfield><subfield code="b">Idaho</subfield><subfield code="c">Bannock</subfield><subfield code="d">Alameda.</subfield></datafield><datafield ind1=" " ind2=" " tag="752"><subfield code="a">United States</subfield><subfield code="b">Idaho</subfield><subfield code="c">Bannock</subfield><subfield code="d">Pocatello.</subfield></datafield><datafield ind1="0" ind2="0" tag="780"><subfield code="t">Alameda enterprise</subfield><subfield code="w">(DLC)sn 88056002</subfield></datafield><datafield ind1="0" ind2="0" tag="785"><subfield code="t">Intermountain (Pocatello, Idaho)</subfield><subfield code="w">(DLC)sn 88056000</subfield></datafield></record>